

@msc{r1,
  author = "Tabak, Alan T",
  title =  "Hundreds Register for New Facebook Website",
  year = "2004",
  urldate = "2004-02-09"
}

@msc{r2,
  author = "Clarke Gavin",
  title =  "Facebook re-write takes PHP to an enterprise past",
  year = "2010",
  url = "The Register.",
  urldate = "2010-02-02"
}


@msc{r3,
  author = "Cluley, Graham ",
  title = "Revealed: Which social networks pose the biggest risk?",
  year = 2010,
  urldate = "2010-02-02"
}

@msc{r4,
  author = "Van Grove, Jennifer",
  title =  "Facebook sued for allegedly intercepting private messages",
  year = "2014",
  urldate = "2014-01-02"
}

@msc{r5,
  author = "Clarke Gavin",
  title =  "Facebook re-write takes PHP to an enterprise past",
  year = "2010",
  url = "The Register.",
  urldate = "2010-02-02"
}


